% HERE Write sources from the documentation

@online{angularicon,
  title      = {Angular Icon},
  url        = {https://angular.io/assets/images/logos/angular/angular.svg#},
  urldate    = {2021-11-11},
  langid     = {german},
}

@online{blackberry,
  title      = {Blackberry-messenger-live-free},
  url        = {https://cdn.geckoandfly.com/wp-content/uploads/2016/01/blackberry-messenger-live-free.jpg},
  urldate    = {2021-11-11},
  langid     = {german},
}

@online{briar,
  title      = {Briar},
  url        = {https://cdn4.geckoandfly.com/wp-content/uploads/2018/08/briar.jpg},
  urldate    = {2021-11-11},
  langid     = {german},
}

@online{chatbotcostcalc,
  title      = {Chatbot-cost-calculator},
  url        = {https://risingmax.com/blog/ai-based-chatbot-cost-calculator/},
  urldate    = {2021-11-11},
  langid     = {german},
}

@online{cleverbot,
  title      = {Cleverbot},
  url        = {https://www.cleverbot.com/},
  urldate    = {2021-11-11},
  langid     = {german},
}

@online{dockericon,
  title      = {Docker Icon},
  url        = {https://www.docker.com/sites/default/files/d8/Docker-R-Logo-08-2018-Monochomatic-RGB_Moby-x1.png},
  urldate    = {2021-11-11},
  langid     = {german},
}

@online{keycloakicon,
  title      = {KeyCloak Icon},
  url        = {https://www.katacoda.com/sebastienblanc/avatar},
  urldate    = {2021-11-11},
  langid     = {german},
}

@online{memekatze,
  title      = {Meme Katze},
  url        = {https://i.redd.it/elohtitdb7351.jpg},
  urldate    = {2021-11-11},
  langid     = {german},
}

@online{mongodbicon,
  title      = {MongoDB Icon},
  url        = {https://webimages.mongodb.com/_com_assets/cms/kpo5kblefbjq79065-Horizontal_Default.svg?auto=format%252Ccompress},
  urldate    = {2021-11-11},
  langid     = {german},
}

@online{nlpicon,
  title      = {NLP Icon},
  url        = {https://ecomschool.uk/wp-content/uploads/2020/01/NLP.png},
  urldate    = {2021-11-11},
  langid     = {german},
}

@online{nodejsicon,
  title      = {Node.js Icon},
  url        = {https://cdn.freebiesupply.com/logos/thumbs/2x/nodejs-1-logo.png},
  urldate    = {2021-11-11},
  langid     = {german},
}

@online{regexicon,
  title      = {Regex Icon},
  url        = {https://upload.wikimedia.org/wikipedia/commons/thumb/d/d3/Toolbaricon_RegEx.svg/1280px-Toolbaricon_RegEx.svg.png},
  urldate    = {2021-11-11},
  langid     = {german},
}

@online{roboterkatzeicon,
  title      = {Roboter Katze Icon},
  url        = {https://www.istockphoto.com/de/vektor/niedliche-roboter-katze-gm1079767266-289378935},
  urldate    = {2021-11-11},
  langid     = {german},
}

@online{shiboleth,
  title      = {Shiboleth Icon},
  url        = {https://moodle.hs-esslingen.de/moodle/pluginfile.php/69073/block_html/content/Kachel_SSO_7.jpg},
  urldate    = {2021-11-11},
  langid     = {german},
}

@online{socketioicon,
  title      = {Socket.io Icon},
  url        = {https://socket.io/images/logo.svg},
  urldate    = {2021-11-11},
  langid     = {german},
}

@online{stevejobs,
  title      = {Steve Jobs Think different},
  url        = {https://images.squarespace-cdn.com/content/54c95d06e4b04d8d26f97dde/1475689560740-IPUV23YGOJZN4ZO4RKU2/?format=1000w&content-type=image%2Fjpeg},
  urldate    = {2021-11-11},
  langid     = {german},
}

@online{telegrambild,
  title      = {Telegram Bild},
  url        = {https://cdn2.geckoandfly.com/wp-content/uploads/2016/01/telegram-chat-secure.jpg},
  urldate    = {2021-11-11},
  langid     = {german},
}

@online{timwhatsApp,
  title      = {Tim WhatsApp},
  url        = {https://s3.amazonaws.com/cdn.freshdesk.com/data/helpdesk/attachments/production/42438944/original/Aw4-xHy7s_EILasM39zbaxogNI7PZdtvzw.png?1545221722},
  urldate    = {2021-11-11},
  langid     = {german},
}

@online{webpageicon,
  title      = {Webpage Icon},
  url        = {https://www.iconfinder.com/icons/1055104/browser_webpage_website_icon},
  urldate    = {2021-11-11},
  langid     = {german},
}